@article{kershner2019compartments,
  title={Compartments: A To-Do List App for Busy People},
  author={Kershner, James Goodrum},
  year={2019}
}

@inproceedings{zhu2022user,
  title={User interface (UI) design and user experience questionnaire (UEQ) evaluation of a to-do list mobile application to support day-to-day life of older adults},
  author={Zhu, Di and Wang, Dahua and Huang, Ruonan and Jing, Yuchen and Qiao, Li and Liu, Wei},
  booktitle={Healthcare},
  volume={10},
  number={10},
  pages={2068},
  year={2022},
  organization={MDPI}
}

@misc{ayers2016quick,
  title={Quick capture of to-do items},
  author={Ayers, Justin and Howard, Gregory},
  year={2016},
  month=oct # "~4",
  publisher={Google Patents},
  note={US Patent 9,460,095}
}

@inproceedings{conley2007towel,
  title={Towel: Towards an Intelligent To-Do List.},
  author={Conley, Kenneth and Carpenter, James},
  booktitle={AAAI Spring Symposium: Interaction Challenges for Intelligent Assistants},
  pages={26--32},
  year={2007}
}

@article{consul2021optimal,
  title={Optimal To-Do List Gamification for Long Term Planning},
  author={Consul, Saksham and Stojcheski, Jugoslav and Felso, Valkyrie and Lieder, Falk},
  journal={arXiv preprint arXiv:2109.06505},
  year={2021}
}

